@BOOK {JohoWhitepaper,
    author     = {総務省},
    title      = {情報通信白書},
    subtitle   = {ICT白書},
    titleaddon = {IoT・ビッグデータ・AI : ネットワークとデータが創造する新たな価値},
    publisher  = {日経印刷,全国官報販売協同組合 (発売)},
    year       = {2016},
    number     = {平成28年版},
    isbn       = {978-4-86579-060-3}
}
@ONLINE {b,
    author = {函館市観光部観光企画課},
    title  = {平成28年度 来函観光入込客数推計},
    year   = {2017},
    url    = {http://www.city.hakodate.hokkaido.jp/docs/2015062500021/files/H28irikomi.pdf}
}
@ONLINE {c,
    author = {Net Applications},
    title  = {Mobile/Tablet Operating System Market Share},
    year   = {2017},
    url    = {https://www.netmarketshare.com/operating-system-market-share.aspx?qprid=8&qpcustomd=1&qpsp=218&qpnp=1&qptimeframe=M}
}
